<record><leader>00000cas a22000007a 4500</leader><controlfield tag="001">49563213</controlfield><controlfield tag="007">hd afu---bucu</controlfield><controlfield tag="008">020411d18671915mauwr nea     0    0eng c</controlfield><datafield ind1=" " ind2=" " tag="010"><subfield code="a">  2002252801</subfield></datafield><datafield ind1=" " ind2=" " tag="040"><subfield code="a">WAU</subfield><subfield code="b">eng</subfield><subfield code="c">WAU</subfield><subfield code="d">OCLCG</subfield><subfield code="d">OCLCF</subfield><subfield code="d">OCLCO</subfield></datafield><datafield ind1=" " ind2=" " tag="042"><subfield code="a">msc</subfield></datafield><datafield ind1=" " ind2=" " tag="043"><subfield code="a">n-us-ma</subfield></datafield><datafield ind1="0" ind2=" " tag="130"><subfield code="a">Boston courier (Boston, Mass. : 1867)</subfield></datafield><datafield ind1="0" ind2="0" tag="245"><subfield code="a">Boston courier</subfield><subfield code="h">[microform].</subfield></datafield><datafield ind1=" " ind2=" " tag="260"><subfield code="a">Boston [Mass.] :</subfield><subfield code="b">Libbey &amp; Dennison,</subfield><subfield code="c">[1867]-1915.</subfield></datafield><datafield ind1=" " ind2=" " tag="300"><subfield code="a">v. ;</subfield><subfield code="c">76 cm.</subfield></datafield><datafield ind1=" " ind2=" " tag="310"><subfield code="a">Weekly</subfield></datafield><datafield ind1="0" ind2=" " tag="362"><subfield code="a">New ser., v. 1, no. 2 (Jan. 10, 1867)-v. 122, no. 32 (Apr. 10, 1915).</subfield></datafield><datafield ind1=" " ind2=" " tag="500"><subfield code="a">Publishers: G. Lunt &amp; Co., 1867-1871; Courier Pub. Co., 1871-&lt;1874&gt;.</subfield></datafield><datafield ind1=" " ind2=" " tag="500"><subfield code="a">Published on Sunday, Oct. 29, 1871-&lt;1900&gt;</subfield></datafield><datafield ind1=" " ind2=" " tag="500"><subfield code="a">Editor: G. Lunt, 1867-&lt;1871&gt;</subfield></datafield><datafield ind1=" " ind2=" " tag="515"><subfield code="a">Issues for Oct. 7, 1870-June 30, 1871 called 47th yr., no. 40-48th yr. no. 26; July 7, 1871-Apr. 10, 1915 called v. 47, no. 27-v. 122, no. 32.</subfield></datafield><datafield ind1=" " ind2=" " tag="550"><subfield code="a">Organ of: Massachusetts Hotel Association, 1899-1915.</subfield></datafield><datafield ind1=" " ind2=" " tag="580"><subfield code="a">Absorbed the Sunday ed.: Boston Sunday courier.</subfield></datafield><datafield ind1=" " ind2=" " tag="533"><subfield code="a">Microfilm.</subfield><subfield code="b">Stoughton, MA :</subfield><subfield code="c">Spaulding Co. Inc., Graphic Microfilm Div. for Boston Public Library</subfield><subfield code="d">1995-</subfield><subfield code="e">microfilm reels ; 35 mm.</subfield><subfield code="n">Missing issues.</subfield><subfield code="n">Filmed with: Boston weekly courier.</subfield></datafield><datafield ind1=" " ind2="0" tag="651"><subfield code="a">Boston (Mass.)</subfield><subfield code="v">Newspapers.</subfield></datafield><datafield ind1=" " ind2="7" tag="655"><subfield code="a">Newspapers.</subfield><subfield code="2">fast</subfield><subfield code="0">(OCoLC)fst01423814</subfield></datafield><datafield ind1=" " ind2="7" tag="651"><subfield code="a">Massachusetts</subfield><subfield code="z">Boston.</subfield><subfield code="2">fast</subfield><subfield code="0">(OCoLC)fst01205012</subfield></datafield><datafield ind1="1" ind2=" " tag="700"><subfield code="a">Lunt, George,</subfield><subfield code="d">1803-1885.</subfield></datafield><datafield ind1="2" ind2=" " tag="710"><subfield code="a">Massachusetts Hotel Association.</subfield></datafield><datafield ind1=" " ind2=" " tag="752"><subfield code="a">United States</subfield><subfield code="b">Massachusetts</subfield><subfield code="c">Suffolk</subfield><subfield code="d">Boston.</subfield></datafield><datafield ind1="0" ind2="0" tag="780"><subfield code="t">Boston weekly courier</subfield><subfield code="w">(DLC)  2002252800</subfield><subfield code="w">(OCoLC)49563194</subfield></datafield><datafield ind1="1" ind2="5" tag="780"><subfield code="t">Boston Sunday courier</subfield><subfield code="g">1871</subfield></datafield><datafield ind1="0" ind2="0" tag="785"><subfield code="t">Boston courier and hotel news</subfield></datafield></record>